<record><leader>00000cas a22000007a 4500</leader><controlfield tag="001">10604387</controlfield><controlfield tag="008">840407d18471965mduwr ne      0    0eng d</controlfield><datafield ind1=" " ind2=" " tag="010"><subfield code="a">sn 84026682 </subfield></datafield><datafield ind1=" " ind2=" " tag="040"><subfield code="a">NPU</subfield><subfield code="b">eng</subfield><subfield code="c">NPU</subfield><subfield code="d">NPX</subfield><subfield code="d">MFN</subfield><subfield code="d">OCLCQ</subfield></datafield><datafield ind1=" " ind2=" " tag="042"><subfield code="a">msc</subfield></datafield><datafield ind1="0" ind2=" " tag="130"><subfield code="a">Denton journal (Denton, Md.)</subfield></datafield><datafield ind1="1" ind2="0" tag="245"><subfield code="a">Denton journal.</subfield></datafield><datafield ind1=" " ind2=" " tag="260"><subfield code="a">Denton, Md. :</subfield><subfield code="b">Chas. E. Tarr</subfield></datafield><datafield ind1=" " ind2=" " tag="300"><subfield code="a">v.</subfield></datafield><datafield ind1=" " ind2=" " tag="310"><subfield code="a">Weekly</subfield></datafield><datafield ind1="1" ind2=" " tag="362"><subfield code="a">Began in 1847?</subfield></datafield><datafield ind1="0" ind2=" " tag="362"><subfield code="a">-v. 119, no. 36 (May 6, 1965).</subfield></datafield><datafield ind1=" " ind2=" " tag="588"><subfield code="a">Description based on: Vol. 22, no. 47 (Apr. 2, 1870).</subfield></datafield><datafield ind1=" " ind2=" " tag="752"><subfield code="a">United States</subfield><subfield code="b">Maryland</subfield><subfield code="c">Caroline</subfield><subfield code="d">Denton.</subfield></datafield><datafield ind1="0" ind2="4" tag="785"><subfield code="t">County record (Denton, Md.)</subfield><subfield code="w">(DLC)sn 89060069</subfield></datafield><datafield ind1="1" ind2=" " tag="029"><subfield code="a">AU@</subfield><subfield code="b">000025785829</subfield></datafield></record>